%% This BibTeX bibliography file was created using BibDesk.
%% http://bibdesk.sourceforge.net/

%% Created for Axel Ferreira at 2015-09-30 21:48:11 +0100 


%% Saved with string encoding Unicode (UTF-8) 



@article{P2P_hibrid,
	Author = {Ge Zhang and Wei Liu and Xiaojun Hei and Wenqing Cheng},
	Date-Modified = {2015-09-30 20:48:02 +0000},
	Doi = {10.1109/TMM.2014.2383617},
	Issn = {1520-9210},
	Journal = {Multimedia, IEEE Transactions on},
	Keywords = {network servers;peer-to-peer computing;video streaming;CDN enhancement mechanisms;China;P2P streaming performance;VoD streaming service;Xunlei Kankan;content distribution network;dual-server mechanism;geographic clusters;hybrid CDN-P2P VoD streaming systems;hybrid CDN-P2P architecture;hybrid CDN-P2P video-on-demand streaming;loosely-coupled hybrid architecture;online streaming media services;peer cache lists;peer to peer;redirection servers;small-scale fixed infrastructure;start-up video streaming;IP networks;Internet;Peer-to-peer computing;Protocols;Servers;Streaming media;YouTube;Content distribution network (CDN);hybrid content distribution network peer to peer (CDN-P2P);peer-to-peer (P2P) network;video on demand (VoD)},
	Month = {Feb},
	Number = {2},
	Pages = {229-242},
	Title = {Unreeling Xunlei Kankan: Understanding Hybrid CDN-P2P Video-on-Demand Streaming},
	Volume = {17},
	Year = {2015},
	Bdsk-Url-1 = {http://dx.doi.org/10.1109/TMM.2014.2383617}}
