%% This BibTeX bibliography file was created using BibDesk.
%% http://bibdesk.sourceforge.net/

%% Created for Axel Ferreira at 2015-10-15 19:08:37 +0100 


%% Saved with string encoding Unicode (UTF-8) 



@webpage{reuters,
	Annote = {Authors: ANYA GEORGE THARAKAN & SUBRAT PATNAIK},
	Date-Added = {2015-10-15 18:05:35 +0000},
	Date-Modified = {2015-10-15 18:08:28 +0000},
	Keywords = {Reuters},
	Lastchecked = {15/10/2015},
	Month = {10},
	Url = {http://www.reuters.com/article/2015/04/28/us-akamai-tech-results-idUSKBN0NJ2IV20150428},
	Year = {2015}}
